1@book{deepfashion2,
  title={Deep Fashion 2 - http://mmlab.ie.cuhk.edu.hk/projects/DeepFashion.html},
  author={ },
  isbn={},
  url={http://mmlab.ie.cuhk.edu.hk/projects/DeepFashion.html},
  year={2018},
}

@inproceedings{liu2016deepfashion,
  title={Deepfashion: Powering robust clothes recognition and retrieval with rich annotations},
  author={Liu, Ziwei and Luo, Ping and Qiu, Shi and Wang, Xiaogang and Tang, Xiaoou},
  booktitle={Proceedings of the IEEE conference on computer vision and pattern recognition},
  pages={1096--1104},
  year={2016}
}
@inproceedings{zhao2017memory,
  title={Memory-augmented attribute manipulation networks for interactive fashion search},
  author={Zhao, Bo and Feng, Jiashi and Wu, Xiao and Yan, Shuicheng},
  booktitle={Proceedings of the IEEE Conference on Computer Vision and Pattern Recognition},
  pages={1520--1528},
  year={2017}
}

@article{tangseng2017looking,
  title={Looking at outfit to parse clothing},
  author={Tangseng, Pongsate and Wu, Zhipeng and Yamaguchi, Kota},
  journal={arXiv preprint arXiv:1703.01386},
  year={2017}
}

@inproceedings{al2017fashion,
  title={Fashion forward: Forecasting visual style in fashion},
  author={Al-Halah, Ziad and Stiefelhagen, Rainer and Grauman, Kristen},
  booktitle={Proceedings of the IEEE International Conference on Computer Vision},
  pages={388--397},
  year={2017}
}


@inproceedings{long2015fully,
  title={Fully convolutional networks for semantic segmentation},
  author={Long, Jonathan and Shelhamer, Evan and Darrell, Trevor},
  booktitle={Proceedings of the IEEE conference on computer vision and pattern recognition},
  pages={3431--3440},
  year={2015}
}


@inproceedings{wang2014learning,
  title={Learning fine-grained image similarity with deep ranking},
  author={Wang, Jiang and Song, Yang and Leung, Thomas and Rosenberg, Chuck and Wang, Jingbin and Philbin, James and Chen, Bo and Wu, Ying},
  booktitle={Proceedings of the IEEE Conference on Computer Vision and Pattern Recognition},
  pages={1386--1393},
  year={2014}
}

@inproceedings{goodfellow2014generative,
  title={Generative adversarial nets},
  author={Goodfellow, Ian and Pouget-Abadie, Jean and Mirza, Mehdi and Xu, Bing and Warde-Farley, David and Ozair, Sherjil and Courville, Aaron and Bengio, Yoshua},
  booktitle={Advances in neural information processing systems},
  pages={2672--2680},
  year={2014}
}


@inproceedings{cui2018fashiongan,
  title={FashionGAN: Display your fashion design using Conditional Generative Adversarial Nets},
  author={Cui, Yi Rui and Liu, Qi and Gao, Cheng Ying and Su, Zhuo},
  booktitle={Computer Graphics Forum},
  volume={37},
  number={7},
  pages={109--119},
  year={2018},
  organization={Wiley Online Library}
}


@inproceedings{van1999,
  title={Object Recognition from Local Scale-Invariant Features},
  author={Vancouver},
  booktitle={Proceedings of the Seventh IEEE International Conference on Computer Vision},
  pages={1386--1393},
  year={1999}
}

@inproceedings{dalal2005,
  title={Histograms of oriented gradients for human detection},
  author={N. Dalal, B. Triggs},
  booktitle=IEEE Computer Society Conference on Computer Vision and Pattern Recognition },
  pages={1386--1393},
  year={2005}
}
